@article{MacKay2005Dec,
	author = {MacKay, D. J. C.},
	title = {{Fountain codes}},
	journal = {IEE Proceedings - Communications},
	volume = {152},
	number = {6},
	pages = {1062--1068},
	year = {2005},
	month = dec,
	issn = {1359-7019},
	publisher = {IET Digital Library},
	doi = {10.1049/ip-com:20050237}
}

@article{Tanner1981Sep,
	author = {Tanner, R.},
	title = {{A recursive approach to low complexity codes}},
	journal = {IEEE Trans. Inf. Theory},
	volume = {27},
	number = {5},
	pages = {533--547},
	year = {1981},
	month = sep,
	publisher = {IEEE},
	doi = {10.1109/TIT.1981.1056404}
}

@incollection{Luby,
	author = {Luby, M.},
	title = {{LT codes}},
	booktitle = {{The 43rd Annual IEEE Symposium on Foundations of Computer Science, 2002. Proceedings.}},
	pages = {19},
	isbn = {978-0-7695-1822},
	publisher = {IEEE},
	doi = {10.1109/SFCS.2002.1181950}
}
