@book{Kythe2012,
	author = {Kythe, D. K. and Kythe, P. K.},
	title = {{Algebraic and Stochastic Coding Theory}},
	year = {2012},
	isbn = {978-1-46650562-9},
	publisher = {CRC Press},
	address = {Boca Raton, FL, USA},
}

@article{MacKay2005Dec,
	author = {MacKay, D. J. C.},
	title = {{Fountain codes}},
	journal = {IEE Proceedings - Communications},
	volume = {152},
	number = {6},
	pages = {1062--1068},
	year = {2005},
	month = dec,
	issn = {1359-7019},
	publisher = {IET Digital Library},
	doi = {10.1049/ip-com:20050237}
}


@incollection{Luby,
	author = {Luby, M.},
	title = {{LT codes}},
	booktitle = {{The 43rd Annual IEEE Symposium on Foundations of Computer Science, 2002. Proceedings.}},
	pages = {19},
	isbn = {978-0-7695-1822},
	publisher = {IEEE},
	doi = {10.1109/SFCS.2002.1181950}
}

@incollection{Kubickij-2011,
	author = {Кубицкий, В.~И.},
	title = {{Восстановление стёртых пакетов в компьютерных сетях}},
	booktitle = {{Научный вестник МГТУ ГА № 169.}},
%	volume = {152},
	number = {169},
	pages = {1062--1068},
	year = {2011},
	pages = {65-77},
%	isbn = {978-0-7695-1822},
%	publisher = {IEEE},
%	doi = {10.1109/SFCS.2002.1181950}
}

@incollection{Mitzenmacher-2004,
	author = {Mitzenmacher~M.},
	title = {{Digital Fountains: A Survey and Look Forward.}},
	booktitle = {{Harvard University}},
%	volume = {152},
%	number = {169},
%	pages = {1062--1068},
	year = {2004},
%	pages = {65-77},
%	isbn = {978-0-7695-1822},
%	publisher = {IEEE},
%	doi = {10.1109/SFCS.2002.1181950}
}

@incollection{MWill&Sl-79,
	author = {Мак-Вильямc~Ф.~Д., Слоэн~Н.~А.},
	title = {{Теория кодов, исправляющих ошибки.}},
	booktitle = {{Harvard University}},
%	volume = {152},
%	number = {169},
%	pages = {1062--1068},
	year = {1979},
%	isbn = {978-0-7695-1822},
%	publisher = {IEEE},
%	doi = {10.1109/SFCS.2002.1181950}
}

@incollection{Gurov-2017_RСode,
	author = {Гуров~С.~И.},
	title = {{Спектральный R-код с проверками на чётность.}},
	booktitle = {{Труды факультета Вычислительной математики и кибернетики}},
%	volume = {152},
	number = {15},
	pages = {91--96},
	year = {2017},
%	isbn = {978-0-7695-1822},
	publisher = {МАКС Пресс},
%	doi = {10.1109/SFCS.2002.1181950}
}

@incollection{Shin-Kor-2008,
	author = {Шинкаренко~К.~В., Кориков~А.~М.},
	title = {{Восстановление потерь пакетов в компьютерных сетях.}},
	booktitle = {{Доклады ТУСУР}},
	volume = {2},
	number = {18},
	pages = {105--109},
	year = {2008},
%	isbn = {978-0-7695-1822},
	publisher = {Томский госуд. унив-тет систем упр-я и радиоэлекр.},
%	doi = {10.1109/SFCS.2002.1181950}
}

%@incollection{PRat_theTR_L,
%	author = {Борисов А. В., Гуров С. И., Семенихин К. В., Смелянский Р. Л.},
%	title = {{Выбор алгоритмов восстановления пакетов на транспортном уровне}},
%	booktitle = {{ВЕСТН. МОСК. УН-ТА., СЕР. 15. ВЫЧИСЛ. МАТЕМ. И КИБЕРН., 2019, № 3.}},
%	pages = {19},
%	isbn = {978-0-7695-1822},
%	publisher = {IEEE},
%	doi = {10.1109/SFCS.2002.1181950}
%}
